<?xml version="1.0" encoding="UTF-8"?><record xmlns="http://www.loc.gov/MARC21/slim" xmlns:cinclude="http://apache.org/cocoon/include/1.0" xmlns:zs="http://www.loc.gov/zing/srw/">
  <leader>00403nz  a2200133n  4500</leader>
  <controlfield tag="001">n  92000669 </controlfield>
  <controlfield tag="003">DLC</controlfield>
  <controlfield tag="005">19920103123839.1</controlfield>
  <controlfield tag="008">920103n| acannaab|          |a ana |||  </controlfield>
  <datafield tag="010" ind1=" " ind2=" ">
    <subfield code="a">n  92000669 </subfield>
  </datafield>
  <datafield tag="040" ind1=" " ind2=" ">
    <subfield code="a">DLC</subfield>
    <subfield code="c">DLC</subfield>
  </datafield>
  <datafield tag="110" ind1="2" ind2="0">
    <subfield code="a">Bell, Dewar &amp; Hall</subfield>
  </datafield>
  <datafield tag="410" ind1="2" ind2="0">
    <subfield code="a">Bell, Dewar, and Hall</subfield>
  </datafield>
  <datafield tag="670" ind1=" " ind2=" ">
    <subfield code="a">Stuart, K.W. Kelsey Stuart's The newspaperman's guide to the law, c1990:</subfield>
    <subfield code="b">t.p. (Bell, Dewar &amp; Hall; attorneys)</subfield>
  </datafield>
</record>